@misc{Clavel1991,
author = {Clavel, Reymond},
file = {:home/enrico/Desktop/Tavole/RiferimentiTavole/DeltaRobot/Articoli/EPFL{\_}TH925.pdf:pdf},
mendeley-groups = {DeltaRobot},
pages = {146},
title = {{Conception d'un robot parallele rapide {\`{a}} 4 degres de libert{\'{e}}}},
year = {1991}
}

@article{Rey,
author = {Rey, L and Clavel, Reymond},
journal = {Parallel Kinematic Machines. Advanced Manufacturing. Springer, London},
mendeley-groups = {DeltaRobot},
title = {{The Delta Parallel Robot}},
year = {1999}
}

@article{Codourey_thesis,
address = {Lausanne},
author = {Codourey, Alain},
doi = {10.5075/epfl-thesis-922},
pages = {188},
publisher = {EPFL},
title = {{Contribution {\`{a}} la commande des robots rapides et pr{\'{e}}cis application au robot delta {\`{a}} entra{\^{i}}nement direct}},
url = {http://infoscience.epfl.ch/record/31400},
year = {1991}
}
